<?xml version="1.0" encoding="UTF-8"?><collection xmlns="http://www.loc.gov/MARC21/slim"><record><leader>00390nam--2200133-i-4500</leader><controlfield tag="001">000013776</controlfield><controlfield tag="002">20161230</controlfield><controlfield tag="005">20161230201030</controlfield><controlfield tag="008">060222s1000------------r-----000-0-eng-d</controlfield><datafield ind1=" " ind2=" " tag="245"><subfield code="a">International union of geodesy and geophysics proceedings</subfield></datafield><datafield ind1=" " ind2=" " tag="260"><subfield code="a">Moscow, International Council Of Scientific Unions, 1971</subfield></datafield><datafield ind1=" " ind2=" " tag="490"><subfield code="a">Proceedings</subfield></datafield><datafield ind1=" " ind2=" " tag="700"><subfield code="a">De Bremaecker, J.Cl</subfield></datafield><datafield ind1=" " ind2=" " tag="852"><subfield code="a">550.34(082.2)</subfield></datafield></record></collection>